%%%%%%%%%%%%%%%%%%%%%%%%%%%%%%%%%%%%%%%% conceitos e definições
@inproceedings{wang2003multiscale,
  title={Multiscale structural similarity for image quality assessment},
  author={Wang and Zhou and Simoncelli and Eero P and Bovik and Alan C},
  booktitle={The Thrity-Seventh Asilomar Conference on Signals, Systems \& Computers, 2003},
  volume={2},
  pages={1398--1402},
  year={2003},
  organization={Ieee}
}

@article{wang2004image,
  title={Image quality assessment: from error visibility to structural similarity},
  author={Wang, Zhou and Bovik, Alan C and Sheikh, Hamid R and Simoncelli, Eero P and others},
  journal={IEEE transactions on image processing},
  volume={13},
  number={4},
  pages={600--612},
  year={2004}
}

@inproceedings{choy20163d,
  title={3D-R2N2: A Unified Approach for Single and Multi-view 3D Object Reconstruction},
  author={Choy, Christopher B and Xu, Danfei and Gwak, JunYoung and Chen, Kevin and Savarese, Silvio},
  booktitle = {Proceedings of the European Conference on Computer Vision ({ECCV})},
  year={2016}
}

@TechReport{simonyan,
  title={Very deep convolutional networks for large-scale image recognition},
  author={Simonyan, Karen and Zisserman, Andrew},
  journal={arXiv preprint arXiv:1409.1556},
  year={2014},
  eprint={1409.1556},
  archivePrefix={arXiv},
  primaryClass={cs.CV},
  note={\href{https://arxiv.org/abs/409.1556}{arXiv:1409.1556}},
  institution =  {Cornell University Library},
}

@inproceedings{girshick2014rich,
  title={Rich feature hierarchies for accurate object detection and semantic segmentation},
  author={Girshick, Ross and Donahue, Jeff and Darrell, Trevor and Malik, Jitendra},
  booktitle={Proceedings of the IEEE conference on computer vision and pattern recognition},
  pages={580--587},
  year={2014}
}

@inproceedings{deepface,
  title={Deepface: Closing the gap to human-level performance in face verification},
  author={Taigman, Yaniv and Yang, Ming and Ranzato, Marc'Aurelio and Wolf, Lior},
  booktitle={Proceedings of the IEEE conference on computer vision and pattern recognition},
  pages={1701--1708},
  year={2014}
}

@inproceedings{graves,
  title={Towards end-to-end speech recognition with recurrent neural networks},
  author={Graves, Alex and Jaitly, Navdeep},
  booktitle={International Conference on Machine Learning},
  pages={1764--1772},
  year={2014}
}

@inproceedings{sequence,
  title={Sequence to sequence learning with neural networks},
  author={Sutskever, Ilya and Vinyals, Oriol and Le, Quoc V},
  booktitle={Advances in neural information processing systems},
  pages={3104--3112},
  year={2014}
}

@inproceedings{vinyals2015show,
  title={Show and tell: A neural image caption generator},
  author={Vinyals, Oriol and Toshev, Alexander and Bengio, Samy and Erhan, Dumitru},
  booktitle={Proceedings of the IEEE conference on computer vision and pattern recognition},
  pages={3156--3164},
  year={2015}
}

@TechReport{huval2015empirical,
  title={An empirical evaluation of deep learning on highway driving},
  author={Huval, Brody and Wang, Tao and Tandon, Sameep and Kiske, Jeff and Song, Will and Pazhayampallil, Joel and Andriluka, Mykhaylo and Rajpurkar, Pranav and Migimatsu, Toki and Cheng-Yue, Royce and others},
  journal={arXiv preprint arXiv:1504.01716},
  year={2015},
  eprint={1504.01716},
  archivePrefix={arXiv},
  primaryClass={cs.CV},
  note={\href{https://arxiv.org/abs/1504.01716}{arXiv:1504.01716}},
  institution =  {Cornell University Library},
}

@inproceedings{autoencoder2011,
  title={Using very deep autoencoders for content-based image retrieval},
  author={Krizhevsky, Alex and Hinton, Geoffrey E},
  booktitle={ESANN},
  year={2011}
}

@inproceedings{lecun2010convolutional,
  title={Convolutional networks and applications in vision},
  author={LeCun, Yann and Kavukcuoglu, Koray and Farabet, Cl{\'e}ment},
  booktitle={Proceedings of 2010 IEEE International Symposium on Circuits and Systems},
  pages={253--256},
  year={2010},
  organization={IEEE}
}

@InProceedings{he2016deep,
    author = {He, Kaiming and Zhang, Xiangyu and Ren, Shaoqing and Sun, Jian},
    title = {Deep Residual Learning for Image Recognition},
    booktitle = {The IEEE Conference on Computer Vision and Pattern Recognition (CVPR)},
    month = {June},
    year = {2016}
}

@article{jpeg1993,
    author={G. K. {Wallace}},
    journal={IEEE Transactions on Consumer Electronics},
    title={The JPEG still picture compression standard},
    year={1992},
    volume={38},
    number={1},
    pages={xviii-xxxiv},
    doi={10.1109/30.125072},
    ISSN={0098-3063},
    month={Feb}
}

@article{jpeg2000,
    author={C. {Christopoulos} and A. {Skodras} and T. {Ebrahimi}},
    journal={IEEE Transactions on Consumer Electronics},
    title={The JPEG2000 still image coding system: an overview},
    year={2000},
    volume={46},
    number={4},
    pages={1103-1127},
    doi={10.1109/30.920468},
    ISSN={0098-3063},
    month={Nov}
}

@misc{bpg,
  title = {{BPG} image format},
  author= {Fabrice Bellard},
  howpublished = {\url{https://bellard.org/bpg/}},
  note = {Accessed: 2019-06-13}
}

@misc{webp,
    title = {Compression techniques},
    author= {Google, WebP},
    howpublished = {\url{
    https://developers.google.com/speed/webp/docs/compression}},
    note = {Acessed: 2019-06-16} 
}

@article{ahmed1974discrete,
  title={Discrete cosine transform},
  author={Ahmed, Nasir and Natarajan, T\_ and Rao, Kamisetty R},
  journal={IEEE transactions on Computers},
  volume={100},
  number={1},
  pages={90--93},
  year={1974},
  publisher={IEEE}
}

@article{pytorch,
  title={Automatic differentiation in PyTorch},
  author={Paszke, Adam and Gross, Sam and Chintala, Soumith and Chanan, Gregory and Yang, Edward and DeVito, Zachary and Lin, Zeming and Desmaison, Alban and Antiga, Luca and Lerer, Adam},
  journal={NIPS Workshop Autodiff Submission},
  year={2017}
}

@TechReport{kingma2014adam,
  title={Adam: A method for stochastic optimization},
  author={Kingma, Diederik P and Ba, Jimmy},
  journal={arXiv preprint arXiv:1412.6980},
  year={2014},
  eprint={1412.6980},
  archivePrefix={arXiv},
  primaryClass={cs.CV},
  note={\href{https://arxiv.org/abs/1412.6980}{arXiv:1412.6980}},
  institution =  {Cornell University Library},
}

@article{huffman1952method,
  title={A method for the construction of minimum-redundancy codes},
  author={Huffman, David A},
  journal={Proceedings of the IRE},
  volume={40},
  number={9},
  pages={1098--1101},
  year={1952},
  publisher={IEEE}
}

@article{pennebaker1988arithmetic,
  title={Arithmetic coding articles},
  author={Pennebaker, WB and Mitchell, JL and others},
  journal={IBM J. Res. Dev},
  volume={32},
  number={6},
  pages={717--774},
  year={1988}
}

@article{lecun1989backpropagation,
  title={Backpropagation applied to handwritten zip code recognition},
  author={LeCun, Yann and Boser, Bernhard and Denker, John S and Henderson, Donnie and Howard, Richard E and Hubbard, Wayne and Jackel, Lawrence D},
  journal={Neural computation},
  volume={1},
  number={4},
  pages={541--551},
  year={1989},
  publisher={MIT Press}
}

@article{gers1999learning,
  title={Learning to forget: Continual prediction with LSTM},
  author={Gers, Felix A and Schmidhuber, J{\"u}rgen and Cummins, Fred},
  year={1999},
  publisher={IET}
}

@article{rumelhart1988learning,
  title={Learning representations by back-propagating errors},
  author={Rumelhart, David E and Hinton, Geoffrey E and Williams, Ronald J and others},
  journal={Cognitive modeling},
  volume={5},
  number={3},
  pages={1},
  year={1988}
}

@inproceedings{smith2017cyclical,
  title={Cyclical learning rates for training neural networks},
  author={Smith, Leslie N},
  booktitle={2017 IEEE Winter Conference on Applications of Computer Vision (WACV)},
  pages={464--472},
  year={2017},
  organization={IEEE}
}

@book{deeplearning,
    title={Deep Learning},
    author={Ian Goodfellow and Yoshua Bengio and Aaron Courville},
    publisher={MIT Press},
    note={\url{http://www.deeplearningbook.org}},
    year={2016}
}

@book{sayood2017introduction,
  title={Introduction to data compression},
  author={Sayood, Khalid},
  year={2017},
  publisher={Morgan Kaufmann},
}

@book{dlbook,
  title={Neural Networks and Deep Learning},
  author={Michael A. Nielsen},
  year={2015},
  publisher={Determination Press}
}

@misc{livrodl,
  title={Deep Learning Book},
  author={Data Science Academy},
  note="[Online; accessed 30-June-2019]",
  howpublished = "\url{http://www.deeplearningbook.com.br}",
  year={2019}
}

@article{shoham1988efficient,
  title={Efficient bit allocation for an arbitrary set of quantizers (speech coding)},
  author={Shoham, Yair and Gersho, Allen},
  journal={IEEE Transactions on Acoustics, Speech, and Signal Processing},
  volume={36},
  number={9},
  pages={1445--1453},
  year={1988},
  publisher={IEEE}
}

@misc{olho,
  author = {Michelle Alves da Silva},
  title = {Retina},
  year = {2019},
  howpublished = "\url{https://www.infoescola.com/visao/retina/}",
  urldate = {2019-09-11}
}
%%%%%%%%%%%%%%%%%%%%%%%%%%%%%%%%%%%%%%%% end conceitos e definições

%%%%%%%%%%%%%%%%%%%%%%%%%%%%%%%%%%%%%%%% fontes das figuras
@misc{fig:dct,
  title={File:DCT-8x8.png --- Wikimedia Commons{,} the free media repository},
  author={Wikimedia Commons},
  note="[Online; accessed 30-June-2019]",
  howpublished = {\url{https://commons.wikimedia.org/w/index.php?curid=10414002}},
  year={2015}
}

@misc{fig:text_jpeg,
  title={The Problem with JPEG - Computerphile},
  author={Computerphile},
  note="[Online; accessed 30-June-2019]",
  howpublished = "\url{https://youtu.be/yBX8GFqt6GA?t=48}",
  year={2015}
}

@misc{fig:latent_space,
  title={Towards Data Science --- Intuitively Understanding Variational Autoencoders},
  author={Irhum Shafkat},
  note="[Online; accessed 30-June-2019]",
  howpublished = "\url{https://towardsdatascience.com/intuitively-understanding-variational-autoencoders-1bfe67eb5daf}",
  year={2018}
}

@misc{fig:conv,
  title={CS231n Convolutional Neural Networks for Visual Recognition},
  author={CS231n Course Materials},
  note="[Online; accessed 30-June-2019]",
  howpublished = "\url{http://cs231n.github.io/convolutional-networks/}",
  year={2019}
}

@misc{fig:lr,
  title={CS231n Convolutional Neural Networks for Visual Recognition},
  author={CS231n Course Materials},
  note="[Online; accessed 30-June-2019]",
  howpublished = "\url{http://cs231n.github.io/neural-networks-3/}",
  year={2019}
}

@misc{fig:zaghetto,
  title={Intensity Transformation and Spatial Filtering},
  author={Alexandre Zaghetto},
  note="[Online; accessed 30-June-2019]",
  howpublished = "\url{https://github.com/zaghetto/ImageProcessing}",
  year={2018}
}
%%%%%%%%%%%%%%%%%%%%%%%%%%%%%%%%%%%%%%%% end fontes das figuras

%%%%%%%%%%%%%%%%%%%%%%%%%%%%%%%%%%%%%%%% bases de dados
@misc{kodak,
  title={Kodak lossless true color image suite},
  author={E. Kodak.},
  note="[Online; accessed 25-June-2019]",
  howpublished = "\url{http://r0k.us/graphics/kodak/}",
  year={2014}
}

@misc{clic,
  title={Challenge on learned image compression},
  authors={George Toderici, Michele Covell, Wenzhe Shi, Radu Timofte, Lucas Theis, Johannes Ballé},
  note="[Online; accessed 25-June-2019]",
  howpublished = "\url{http://www.compression.cc/challenge/}",
  year={2018}
}

@InProceedings{div2k,
	author = {Agustsson, Eirikur and Timofte, Radu},
	title = {NTIRE 2017 Challenge on Single Image Super-Resolution: Dataset and Study},
	booktitle = {The IEEE Conference on Computer Vision and Pattern Recognition (CVPR) Workshops},
	month = {July},
	year = {2017}
} 

@misc{ultra_eye,
  title={Ultra-Eye: UHD and HD images eye tracking dataset},
  author={Multimedia Signal Processing Group },
  note="[Online; accessed 25-June-2019]",
  howpublished = "\url{https://mmspg.epfl.ch/downloads/ultra-eye/}",
  year={2014}
}
%%%%%%%%%%%%%%%%%%%%%%%%%%%%%%%%%%%%%%%% end bases de dados

%%%%%%%%%%%%%%%%%%%%%%%%%%%%%%%%%%%%%%%% trabalhos similares
@InProceedings{Variable2016Toderici,
	archivePrefix = {arXiv},
	arxivId = {1511.06085},
	author = {Toderici, George and O'Malley, Sean M. and Hwang, Sung Jin and Vincent, Damien and Minnen, David and Baluja, Shumeet and Covell, Michele and Sukthankar, Rahul},
	eprint = {1511.06085},
	month = {nov},
	pages = {1--12},
	title = {{Variable Rate Image Compression with Recurrent Neural Networks}},
	url = {http://arxiv.org/abs/1511.06085},
	year = {2015},
	institution = {Cornell University Library},
  booktitle={International Conference on Learning Representations ({ICLR})}
}

@inproceedings{FullResolution2017Toderici,
  title={Full resolution image compression with recurrent neural networks},
  author={Toderici, George and Vincent, Damien and Johnston, Nick and Jin Hwang, Sung and Minnen, David and Shor, Joel and Covell, Michele},
  booktitle={Proceedings of the {IEEE} Conference on Computer Vision and Pattern Recognition ({CVPR})},
  pages={5306--5314},
  year={2017},
  note={Preprint available at \url{http://arxiv.org/abs/1608.05148}}
}

@inproceedings{gregor2016towards,
  title={Towards conceptual compression},
  author={Gregor, Karol and Besse, Frederic and Rezende, Danilo Jimenez and Danihelka, Ivo and Wierstra, Daan},
  booktitle={Advances In Neural Information Processing Systems},
  pages={3549--3557},
  year={2016}
}

@article{Survey_CSVT2019, 
author = {Ma, Siwei and Zhang, Xinfeng and Jia, Chuanmin and Zhao, Zhenghui and Wang, Shiqi and Wanga, Shanshe},
year = {2019},
month = {04},
pages = {1-1},
title = {Image and Video Compression with Neural Networks: A Review},
volume = {PP},
journal = {IEEE Transactions on Circuits and Systems for Video Technology},
doi = {10.1109/TCSVT.2019.2910119}
}


@inproceedings{theis2015generative,
  title={Generative image modeling using spatial lstms},
  author={Theis, Lucas and Bethge, Matthias},
  booktitle={Advances in Neural Information Processing Systems},
  pages={1927--1935},
  year={2015}
}

@TechReport{theis2017lossy,
  title={Lossy image compression with compressive autoencoders},
  author={Theis, Lucas and Shi, Wenzhe and Cunningham, Andrew and Husz{\'a}r, Ferenc},
  journal={ICLR},
  year={2017},
  eprint={1703.00395},
  archivePrefix={arXiv},
  primaryClass={cs.CV},
  note={\href{https://arxiv.org/abs/1703.00395}{arXiv:1703.00395}},
  institution =  {Cornell University Library},
}

@inproceedings{mentzer2019,
    author = {Mentzer, Fabian and Agustsson, Eirikur and Tschannen, Michael and Timofte, Radu and Van Gool, Luc},
    title = {Practical Full Resolution Learned Lossless Image Compression},
    booktitle = {The IEEE Conference on Computer Vision and Pattern Recognition (CVPR)},
    month = {June},
    year = {2019}
} 

@inproceedings{shi2016real,
  title={Real-time single image and video super-resolution using an efficient sub-pixel convolutional neural network},
  author={Shi, Wenzhe and Caballero, Jose and Husz{\'a}r, Ferenc and Totz, Johannes and Aitken, Andrew P and Bishop, Rob and Rueckert, Daniel and Wang, Zehan},
  booktitle={Proceedings of the IEEE conference on computer vision and pattern recognition},
  pages={1874--1883},
  year={2016}
}
%%%%%%%%%%%%%%%%%%%%%%%%%%%%%%%%%%%%%%%% end trabalhos similares
